@inproceedings{Click2002,
 author = {Click, Cliff and Rose, John},
 title = {Fast Subtype Checking in the HotSpot JVM},
 booktitle = {Proceedings of the 2002 Joint ACM-ISCOPE Conference on Java Grande},
 series = {JGI '02},
 year = {2002},
 isbn = {1-58113-599-8},
 location = {Seattle, Washington, USA},
 pages = {96--107},
 numpages = {12},
 url = {http://doi.acm.org/10.1145/583810.583821},
 doi = {10.1145/583810.583821},
 acmid = {583821},
 publisher = {ACM},
 address = {New York, NY, USA},
 keywords = {Java, checkcast, instanceof, subtype, typecase},
} 
